<record><leader>00000cas a22000007a 4500</leader><controlfield tag="001">31352683</controlfield><controlfield tag="008">941025d18771879azuwr ne      0    0eng d</controlfield><datafield ind1=" " ind2=" " tag="010"><subfield code="a">sn 95068912 </subfield></datafield><datafield ind1=" " ind2=" " tag="040"><subfield code="a">CUY</subfield><subfield code="b">eng</subfield><subfield code="c">CNK</subfield><subfield code="d">ANN</subfield><subfield code="d">DLC</subfield><subfield code="d">ANN</subfield><subfield code="d">OCLCQ</subfield><subfield code="d">OCLCF</subfield><subfield code="d">OCLCO</subfield></datafield><datafield ind1=" " ind2=" " tag="019"><subfield code="a">33212427</subfield></datafield><datafield ind1="1" ind2=" " tag="029"><subfield code="a">AU@</subfield><subfield code="b">000022715013</subfield></datafield><datafield ind1=" " ind2=" " tag="042"><subfield code="a">msc</subfield></datafield><datafield ind1=" " ind2=" " tag="043"><subfield code="a">n-us-az</subfield></datafield><datafield ind1="0" ind2=" " tag="130"><subfield code="a">Arizona enterprise (Prescott, Ariz. : Semiweekly)</subfield></datafield><datafield ind1="1" ind2="4" tag="245"><subfield code="a">The Arizona enterprise.</subfield></datafield><datafield ind1=" " ind2=" " tag="260"><subfield code="a">Prescott, Ariz. :</subfield><subfield code="b">C.F. Mitchell,</subfield><subfield code="c">-1879.</subfield></datafield><datafield ind1=" " ind2=" " tag="300"><subfield code="a">v.</subfield></datafield><datafield ind1=" " ind2=" " tag="310"><subfield code="a">Weekly,</subfield><subfield code="b">&lt;Jan. 11, 1879&gt;-</subfield></datafield><datafield ind1=" " ind2=" " tag="321"><subfield code="a">Semiweekly,</subfield><subfield code="b">&lt;Aug. 11, 1877&gt;-Dec. 28. 1878</subfield></datafield><datafield ind1="0" ind2=" " tag="362"><subfield code="a">-v. 7, no. 25 (July 5, 1879).</subfield></datafield><datafield ind1=" " ind2=" " tag="588"><subfield code="a">Description based on: Vol. 1, no. 18 (Mar. 21, 1877).</subfield></datafield><datafield ind1=" " ind2="0" tag="651"><subfield code="a">Prescott (Ariz.)</subfield><subfield code="v">Newspapers.</subfield></datafield><datafield ind1=" " ind2="0" tag="651"><subfield code="a">Yavapai County (Ariz.)</subfield><subfield code="v">Newspapers.</subfield></datafield><datafield ind1=" " ind2="7" tag="655"><subfield code="a">Newspapers.</subfield><subfield code="2">fast</subfield><subfield code="0">(OCoLC)fst01423814</subfield></datafield><datafield ind1=" " ind2="7" tag="651"><subfield code="a">Arizona</subfield><subfield code="z">Prescott.</subfield><subfield code="2">fast</subfield><subfield code="0">(OCoLC)fst01210000</subfield></datafield><datafield ind1=" " ind2="7" tag="651"><subfield code="a">Arizona</subfield><subfield code="z">Yavapai County.</subfield><subfield code="2">fast</subfield><subfield code="0">(OCoLC)fst01217120</subfield></datafield><datafield ind1=" " ind2=" " tag="752"><subfield code="a">United States</subfield><subfield code="b">Arizona</subfield><subfield code="c">Yavapai</subfield><subfield code="d">Prescott.</subfield></datafield><datafield ind1="0" ind2=" " tag="775"><subfield code="t">Arizona enterprise (Prescott, Ariz. : Daily)</subfield><subfield code="w">(DLC)sn 84021911</subfield></datafield><datafield ind1="0" ind2="0" tag="785"><subfield code="t">Weekly Arizonan</subfield><subfield code="w">(DLC)sn 94052375</subfield></datafield></record>